@MISC{schaedler,
	author = "{Jack Schaedler}",
	title = "{Back to the Future of Handwriting Recognition}",
	year = "2016 (accessed August 10, 2018)",
	howpublished = "\url{https://jackschaedler.github.io/handwriting-recognition/}"}

@BOOK{groner,
	author = "{Gabriel F. Groner}",
	title = "{Real-Time Recognition of Handprinted Text}",
	PUBLISHER = "RAND Corporation",
	ADDRESS = "Santa Monica, CA",
	YEAR = "1966",
	howpublished = "\url{https://www.rand.org/pubs/research_memoranda/RM5016.html}"}

@BOOK{source,
	author = "{Gabriel F. Groner}",
	title = "{Real-Time Recognition of Handprinted Text: Program Documentation}",
	PUBLISHER = "RAND Corporation",
	ADDRESS = "Santa Monica, CA",
	YEAR = "1968",
	howpublished = "\url{https://www.rand.org/pubs/research_memoranda/RM5550.html}"}

@BOOK{tablet,
	author = "{Malcolm Davis and T. O. Ellis}",
	title = "{The RAND Tablet: A Man-Machine Graphical Communications Device}",
	PUBLISHER = "RAND Corporation",
	ADDRESS = "Santa Monica, CA",
	YEAR = "1964",
	howpublished = "\url{https://www.rand.org/pubs/research_memoranda/RM4122.html}"}

@MISC{kay,
	author = "{Alan Kay}",
	title = "{Doing with Images Makes Symbols: Communicating with Computers}",
	year = "1987 (uploaded to archive.org in 2002, accessed August 10, 2018)",
	howpublished = "\url{http://archive.org/details/AlanKeyD1987?start=1439.5}"}

@BOOK{grailang,
	author = "{T. O. Ellis, J. F. Heafner, and W. L. Sibley}",
	title = "{The GRAIL Language and Operations}",
	PUBLISHER = "RAND Corporation",
	ADDRESS = "Santa Monica, CA",
	YEAR = "1969",
	howpublished = "\url{https://www.rand.org/pubs/research_memoranda/RM6001.html}"}

@BOOK{grail,
	author = "{T. O. Ellis, J. F. Heafner, and W. L. Sibley}",
	title = "{The Grail Project: An Experiment in Man-Machine Communications}",
	PUBLISHER = "RAND Corporation",
	ADDRESS = "Santa Monica, CA",
	YEAR = "1969",
	howpublished = "\url{https://www.rand.org/pubs/research_memoranda/RM5999.html}"}

@BOOK{details,
	author = "{T. O. Ellis, J. F. Heafner, and W. L. Sibley}",
	title = "{The GRAIL System Implementation}",
	PUBLISHER = "RAND Corporation",
	ADDRESS = "Santa Monica, CA",
	YEAR = "1969",
	howpublished = "\url{https://www.rand.org/pubs/research_memoranda/RM6002.html}"}
